@BOOK{ulman,
  author = {Ахо А., Ульман Дж.},
  title = {Теория синтаксического анализа, перевода и компиляции. Синтаксический анализ.},
  year = {1986},
  volume = {1},
  publisher = {М.: Мир}
}

@ARTICLE{stearns,
  title = {A regularity test for pushdown machines},
  journal = {Information and control},
  year = {1967},
  author = {Stearns Richard E},
  volume = {11},
  pages = {323-340},
  number = {3}
}

@ARTICLE{indian,
  author = {Shankar Priti, Adiga B. S.},
  title = {A Graph-Based Regularity Test for Deterministic Context-free Languages},
  journal= {Theor. Comput. Sci.},
  year = {1991},
  volume = {88},
  number = {1},
  pages = {117-125}
}

@BOOK{stan,
  author = {Станевичене Л.И.},
  title = {К теории бесконтекстных языков},
  publisher = {М.: МГУ им. М.В. Ломоносова},
  year = {2000}
}

@CONFERENCE{vyl,
  author = {Vylitok A., Gomozov A., Stanevichene L.},
  title = {The power of printing ink},
  year = {2000},
  pages = {270-270},
  publisher = {Издательство Астраханского государственного педагогическиого университета Астрахань},
  booktitle = {V-я международная конференция. Информатика. Образование. Экология и здоровье человека}
}

@ARTICLE{valiant,
  author = {Valiant Leslie G},
  title = {Regularity and related problems for deterministic pushdown automata},
  journal = {Journal of the ACM},
  year = {1975},
  volume = {22}
}